%% This BibTeX bibliography file was created using BibDesk.
%% http://bibdesk.sourceforge.net/


%% Created for Hauke Klement at 2014-12-28 13:49:31 +0100 


%% Saved with string encoding Unicode (UTF-8) 



@book{koshy2011fibonacci,
	Author = {Koshy, Thomas},
	Date-Added = {2014-12-12 13:57:50 +0000},
	Date-Modified = {2014-12-15 09:02:54 +0000},
	Publisher = {John Wiley \& Sons},
	Title = {{Fibonacci and Lucas Numbers with Applications}},
	Year = {2011}}

@article{kolling2003bluej,
	Author = {K{\"o}lling, Michael and Quig, Bruce and Patterson, Andrew and Rosenberg, John},
	Date-Added = {2014-12-09 11:11:05 +0000},
	Date-Modified = {2014-12-09 11:11:38 +0000},
	Journal = {Computer Science Education},
	Number = {4},
	Pages = {249--268},
	Publisher = {Taylor \& Francis},
	Title = {{The BlueJ System and its Pedagogy}},
	Volume = {13},
	Year = {2003}}

@inproceedings{odaira2014eliminating,
	Author = {Odaira, Rei and Castanos, Jose G. and Tomari, Hisanobu},
	Booktitle = {Proceedings of the 19th ACM SIGPLAN Symposium on Principles and Practice of Parallel Programming},
	Date-Added = {2014-12-04 13:54:37 +0000},
	Date-Modified = {2014-12-15 09:54:06 +0000},
	Organization = {ACM},
	Pages = {131--142},
	Title = {{Eliminating Global Interpreter Locks in Ruby through Hardware Transactional Memory}},
	Year = {2014}}

@article{krasner1988description,
	Author = {Krasner, Glenn E. and Pope, Stephen T.},
	Date-Added = {2014-12-04 13:12:43 +0000},
	Date-Modified = {2014-12-15 09:08:26 +0000},
	Journal = {Journal of Object-Oriented Programming},
	Number = {3},
	Pages = {26--49},
	Title = {{A Description of the Model-View-Controller User Interface Paradigm in the Smalltalk-80 System}},
	Volume = {1},
	Year = {1988}}

@inproceedings{meinel2013openhpi,
	Author = {Meinel, Christoph and Totschnig, Michael and Willems, Christian},
	Booktitle = {Proceedings of the 5th International Conference on Computer Supported Education (CSEDU), INSTICC, Aachen, Germany},
	Date-Added = {2014-12-03 18:27:42 +0000},
	Date-Modified = {2014-12-03 18:27:55 +0000},
	Title = {{openHPI: Evolution of a MOOC platform from LMS to SOA}},
	Volume = {5},
	Year = {2013}}

@article{nagappan2003improving,
	Author = {Nagappan, Nachiappan and Williams, Laurie and Ferzli, Miriam and Wiebe, Eric and Yang, Kai and Miller, Carol and Balik, Suzanne},
	Date-Added = {2014-11-24 10:14:24 +0000},
	Date-Modified = {2014-12-15 12:55:41 +0000},
	Journal = {ACM SIGCSE Bulletin},
	Number = {1},
	Pages = {359--362},
	Publisher = {ACM},
	Title = {{Improving the CS1 Experience with Pair Programming}},
	Volume = {35},
	Year = {2003}}

@article{williams2000strengthening,
	Author = {Williams, Laurie and Kessler, Robert R. and Cunningham, Ward and Jeffries, Ron},
	Date-Added = {2014-11-24 10:12:35 +0000},
	Date-Modified = {2014-12-15 11:23:44 +0000},
	Journal = {IEEE Software},
	Number = {4},
	Pages = {19--25},
	Publisher = {IEEE Computer Society},
	Title = {{Strengthening the Case for Pair-Programming}},
	Volume = {17},
	Year = {2000}}

@book{halstead1977elements,
	Author = {Halstead, Maurice},
	Date-Added = {2014-11-18 13:27:10 +0000},
	Date-Modified = {2014-12-15 09:03:37 +0000},
	Publisher = {Elsevier Science Inc.},
	Title = {{Elements of Software Science}},
	Year = {1977}}

@book{martin2003agile,
	Author = {Martin, Robert Cecil},
	Date-Added = {2014-11-18 12:06:17 +0000},
	Date-Modified = {2014-11-18 12:14:51 +0000},
	Publisher = {Prentice Hall PTR},
	Title = {{Agile Software Development: Principles, Patterns, and Practices}},
	Year = {2003}}

@article{thornton2008supporting,
	Author = {Thornton, Matthew and Edwards, Stephen H. and Tan, Roy P. and P{\'e}rez-Qui{\~n}ones, Manuel A.},
	Date-Added = {2014-11-18 10:41:12 +0000},
	Date-Modified = {2014-12-15 10:54:24 +0000},
	Journal = {ACM SIGCSE Bulletin},
	Number = {1},
	Pages = {537--541},
	Publisher = {ACM},
	Title = {{Supporting Student-Written Tests of GUI Programs}},
	Volume = {40},
	Year = {2008}}

@techreport{ducasse2003sunit,
	Author = {Ducasse, St{\'e}phane},
	Date-Added = {2014-11-18 08:13:41 +0000},
	Date-Modified = {2014-11-18 08:14:46 +0000},
	Institution = {University of Berne, Institute of Computer Science},
	Title = {{SUnit Explained}},
	Year = {2003}}

@article{beck1994simple,
	Author = {Beck, Kent},
	Date-Added = {2014-11-18 08:11:00 +0000},
	Date-Modified = {2014-11-18 08:12:10 +0000},
	Journal = {The Smalltalk Report},
	Number = {2},
	Pages = {16--18},
	Title = {{Simple Smalltalk Testing: With Patterns}},
	Volume = {4},
	Year = {1994}}

@article{english2004automated,
	Author = {English, John},
	Date-Added = {2014-11-17 16:35:14 +0000},
	Date-Modified = {2014-11-17 16:39:21 +0000},
	Journal = {ACM SIGCSE Bulletin},
	Number = {3},
	Pages = {137--141},
	Publisher = {ACM},
	Title = {{Automated Assessment of GUI Programs using JEWL}},
	Volume = {36},
	Year = {2004}}

@article{jackson1997grading,
	Author = {Jackson, David and Usher, Michelle},
	Date-Added = {2014-11-17 11:40:34 +0000},
	Date-Modified = {2014-12-15 12:55:03 +0000},
	Journal = {ACM SIGCSE Bulletin},
	Number = {1},
	Pages = {335--339},
	Publisher = {ACM},
	Title = {{Grading Student Programs using ASSYST}},
	Volume = {29},
	Year = {1997}}

@book{fowler2002patterns,
	Author = {Fowler, Martin},
	Date-Added = {2014-11-15 11:20:57 +0000},
	Date-Modified = {2014-11-15 11:21:25 +0000},
	Publisher = {Addison-Wesley Longman Publishing Co., Inc.},
	Title = {{Patterns of Enterprise Application Architecture}},
	Year = {2002}}

@inproceedings{mueller2010learning,
	Author = {M{\"u}ller, Wolfgang and Kortenkamp, Ulrich},
	Booktitle = {Proceedings of the IFIP Workshop ``New Developments in ICT and Informatics Education''. IFIP TC3},
	Date-Added = {2014-11-13 10:38:48 +0000},
	Date-Modified = {2014-12-15 09:52:04 +0000},
	Title = {{Learning Programming With Ruby}},
	Year = {2010}}

@misc{kay2005squeak,
	Author = {Kay, Alan},
	Date-Added = {2014-11-13 10:23:57 +0000},
	Date-Modified = {2014-12-14 16:43:00 +0000},
	Note = {[Online; accessed 14-December-2014]},
	Title = {{Squeak Etoys, Children \& Learning}},
	Url = {http://www.vpri.org/pdf/rn2005001_learning.pdf},
	Year = {2005},
	Bdsk-Url-1 = {http://www.vpri.org/pdf/rn2005001_learning.pdf}}

@misc{ambler2000mapping,
	Author = {Ambler, Scott W.},
	Date-Added = {2014-11-12 14:12:59 +0000},
	Date-Modified = {2014-12-14 16:45:27 +0000},
	Note = {[Online; accessed 14-December-2014]},
	Title = {{Mapping objects to relational databases: What you need to know and why}},
	Url = {http://www.ibm.com/developerworks/library/ws-mapping-to-rdb/},
	Year = {2000},
	Bdsk-Url-1 = {http://www.ibm.com/developerworks/library/ws-mapping-to-rdb/}}

@misc{abel2014lti,
	Author = {Rob Abel},
	Date-Added = {2014-11-11 09:26:40 +0000},
	Date-Modified = {2014-12-14 16:44:47 +0000},
	Note = {[Online; accessed 14-December-2014]},
	Title = {{LTI 2: The future is here again, just a lot easier than once envisioned}},
	Url = {http://www.imsglobal.org/blog/?p=184},
	Year = {2012},
	Bdsk-Url-1 = {http://www.imsglobal.org/blog/?p=184}}

@article{hristova2003identifying,
	Author = {Hristova, Maria and Misra, Ananya and Rutter, Megan and Mercuri, Rebecca},
	Date-Added = {2014-11-10 13:46:22 +0000},
	Date-Modified = {2014-12-15 12:54:52 +0000},
	Journal = {ACM SIGCSE Bulletin},
	Number = {1},
	Pages = {153--156},
	Publisher = {ACM},
	Title = {{Identifying and Correcting Java Programming Errors for Introductory Computer Science Students}},
	Volume = {35},
	Year = {2003}}

@misc{guo2014python,
	Author = {Guo, Philip},
	Date-Added = {2014-11-08 09:43:54 +0000},
	Date-Modified = {2014-12-14 16:42:56 +0000},
	Note = {[Online; accessed 14-December-2014]},
	Title = {{Python is Now the Most Popular Introductory Teaching Language at Top U.S. Universities}},
	Url = {http://cacm.acm.org/blogs/blog-cacm/176450},
	Year = {2014},
	Bdsk-Url-1 = {http://cacm.acm.org/blogs/blog-cacm/176450}}

@mastersthesis{petrick2014designing,
	Author = {Dominic Petrick},
	Date-Added = {2014-11-07 09:10:46 +0000},
	Date-Modified = {2014-12-12 15:08:42 +0000},
	School = {Hasso Plattner Institute},
	Title = {{Designing and Implementing a Peer Assessment Workflow for a MOOC Platform}},
	Year = {2014}}

@mastersthesis{fricke2014raising,
	Author = {Fricke, Nicolas},
	Date-Added = {2014-11-07 07:42:10 +0000},
	Date-Modified = {2014-12-15 08:47:03 +0000},
	School = {Hasso Plattner Institute},
	Title = {{Raising Completion Rates in xMOOCs through Social Engagement}},
	Year = {2014}}

@article{mccabe1976complexity,
	Author = {McCabe, Thomas J.},
	Date-Added = {2014-11-06 07:29:46 +0000},
	Date-Modified = {2014-12-15 09:45:37 +0000},
	Journal = {IEEE Transactions on Software Engineering},
	Number = {4},
	Pages = {308--320},
	Publisher = {IEEE Computer Society},
	Title = {{A Complexity Measure}},
	Volume = {2},
	Year = {1976}}

@book{beck2000extreme,
	Author = {Beck, Kent},
	Date-Added = {2014-11-05 15:55:05 +0000},
	Date-Modified = {2014-11-05 15:56:03 +0000},
	Publisher = {Addison-Wesley Professional},
	Title = {{Extreme Programming Explained: Embrace Change}},
	Year = {2000}}

@incollection{schwaber1997scrum,
	Author = {Schwaber, Ken},
	Booktitle = {Business Object Design and Implementation},
	Date-Added = {2014-11-05 15:52:32 +0000},
	Date-Modified = {2014-11-05 15:54:08 +0000},
	Pages = {117--134},
	Publisher = {Springer},
	Title = {{Scrum Development Process}},
	Year = {1997}}

@inproceedings{vihavainen2013scaffolding,
	Author = {Vihavainen, Arto and Vikberg, Thomas and Luukkainen, Matti and P{\"a}rtel, Martin},
	Booktitle = {Proceedings of the 18th ACM Conference on Innovation and Technology in Computer Science Education},
	Date-Added = {2014-11-05 07:51:54 +0000},
	Date-Modified = {2014-12-15 11:03:02 +0000},
	Organization = {ACM},
	Pages = {117--122},
	Title = {{Scaffolding Students' Learning using Test My Code}},
	Year = {2013}}

@unpublished{loewis2014scaling,
	Author = {von L{\"o}wis, Martin and Staubitz, Thomas and Teusner, Ralf and Renz, Jan and Tannert, Susanne and Meinel, Christoph},
	Date-Added = {2014-11-04 13:09:14 +0000},
	Date-Modified = {2014-12-15 10:36:44 +0000},
	Note = {Unpublished},
	Title = {{Scaling Youth Development Training in IT Using an xMOOC Platform}},
	Year = {2014}}

@article{truong2005learning,
	Author = {Truong, Nghi and Bancroft, Peter and Roe, Paul},
	Date-Added = {2014-11-04 12:19:20 +0000},
	Date-Modified = {2014-12-15 12:55:52 +0000},
	Journal = {ACM SIGCSE Bulletin},
	Number = {3},
	Pages = {9--13},
	Publisher = {ACM},
	Title = {{Learning to Program Through the Web}},
	Volume = {37},
	Year = {2005}}

@article{pappano2012year,
	Author = {Pappano, Laura},
	Date-Added = {2014-11-04 09:16:27 +0000},
	Date-Modified = {2014-12-15 09:55:40 +0000},
	Journal = {The New York Times},
	Title = {{The Year of the MOOC}},
	Year = {2012}}

@inproceedings{vihavainen2012multi,
	Author = {Vihavainen, Arto and Luukkainen, Matti and Kurhila, Jaakko},
	Booktitle = {Proceedings of the 13th Annual Conference on Information Technology Education},
	Date-Added = {2014-11-04 07:32:07 +0000},
	Date-Modified = {2014-12-15 11:03:16 +0000},
	Organization = {ACM},
	Pages = {171--176},
	Title = {{Multi-faceted Support for MOOC in Programming}},
	Year = {2012}}

@inproceedings{singh2013automated,
	Author = {Singh, Rishabh and Gulwani, Sumit and Solar-Lezama, Armando},
	Booktitle = {ACM SIGPLAN Notices},
	Date-Added = {2014-11-03 09:19:21 +0000},
	Date-Modified = {2014-11-03 09:19:44 +0000},
	Number = {6},
	Organization = {ACM},
	Pages = {15--26},
	Title = {{Automated Feedback Generation for Introductory Programming Assignments}},
	Volume = {48},
	Year = {2013}}

@techreport{fox2014software,
	Author = {Fox, Armando and Patterson, David and Ilson, Richard and Joseph, Samuel and Walcott-Justice, Kristen and Williams, Rose},
	Date-Added = {2014-11-03 08:38:02 +0000},
	Date-Modified = {2014-12-15 10:33:21 +0000},
	Institution = {EECS Department, University of California, Berkeley},
	Title = {{Software Engineering Curriculum Technology Transfer: Lessons learned from MOOCs and SPOCs}},
	Year = {2014}}

@inproceedings{warren2014facilitating,
	Author = {Warren, Joe and Rixner, Scott and Greiner, John and Wong, Stephen},
	Booktitle = {Proceedings of the 45th ACM Technical Symposium on Computer Science Education},
	Date-Added = {2014-11-02 09:47:21 +0000},
	Date-Modified = {2014-12-15 11:06:20 +0000},
	Organization = {ACM},
	Pages = {665--670},
	Title = {{Facilitating Human Interaction in an Online Programming Course}},
	Year = {2014}}

@inproceedings{wang2014educational,
	Author = {Wang, Qianxiang and Li, Wenxin and Xie, Tao},
	Booktitle = {Proceedings of the First ACM Conference on Learning @ Scale},
	Date-Added = {2014-11-02 09:04:48 +0000},
	Date-Modified = {2014-12-15 08:58:29 +0000},
	Organization = {ACM},
	Pages = {177--178},
	Title = {{Educational Programming Systems for Learning at Scale}},
	Year = {2014}}

@inproceedings{kay2014challenges,
	Author = {Kay, Jennifer S. and McKlin, Tom},
	Booktitle = {Proceedings of the First ACM Conference on Learning @ Scale},
	Date-Added = {2014-11-02 08:57:13 +0000},
	Date-Modified = {2014-12-15 08:58:33 +0000},
	Organization = {ACM},
	Pages = {211--212},
	Title = {{The Challenges of Using a MOOC to Introduce ``Absolute Beginners'' to Programming on Specialized Hardware}},
	Year = {2014}}

@article{lau2009learning,
	Author = {Lau, Winnie W. Y. and Ngai, Grace and Chan, Stephen C. F. and Cheung, Joey C. Y.},
	Date-Added = {2014-11-02 08:39:57 +0000},
	Date-Modified = {2014-12-15 09:10:44 +0000},
	Journal = {ACM SIGCSE Bulletin},
	Number = {1},
	Pages = {504--508},
	Publisher = {ACM},
	Title = {{Learning Programming through Fashion and Design: A Pilot Summer Course in Wearable Computing for Middle School Students}},
	Volume = {41},
	Year = {2009}}

@inproceedings{willems2014motivating,
	Author = {Willems, Christian and Fricke, Nicolas and Meier, Sebastian and Mei{\ss}ner, Richard and Rollmann, Kai-Adrian and V{\"o}lcker, Simon and Woinar, Sebastian and Meinel, Christoph},
	Booktitle = {EDULEARN14 Proceedings},
	Date-Added = {2014-11-02 08:35:52 +0000},
	Date-Modified = {2014-12-15 11:14:57 +0000},
	Pages = {4042--4052},
	Title = {{Motivating the Masses - Gamified Massive Open Online Courses on openHPI}},
	Year = {2014}}

@article{maloney2008programming,
	Author = {Maloney, John H. and Peppler, Kylie and Kafai, Yasmin and Resnick, Mitchel and Rusk, Natalie},
	Date-Added = {2014-11-02 08:27:10 +0000},
	Date-Modified = {2014-12-15 12:55:26 +0000},
	Journal = {ACM SIGCSE Bulletin},
	Number = {1},
	Pages = {367--371},
	Publisher = {ACM},
	Title = {{Programming by Choice: Urban Youth Learning Programming with Scratch}},
	Volume = {40},
	Year = {2008}}

@inproceedings{fincher2010comparing,
	Author = {Fincher, Sally and Cooper, Stephen and K{\"o}lling, Michael and Maloney, John},
	Booktitle = {Proceedings of the 41st ACM Technical Symposium on Computer Science Education},
	Date-Added = {2014-11-02 08:08:39 +0000},
	Date-Modified = {2014-12-15 08:45:02 +0000},
	Organization = {ACM},
	Pages = {192--193},
	Title = {{Comparing Alice, Greenfoot \& Scratch}},
	Year = {2010}}

@inproceedings{giordano2014use,
	Author = {Giordano, Daniela and Maiorana, Francesco},
	Booktitle = {Global Engineering Education Conference (EDUCON), 2014 IEEE},
	Date-Added = {2014-11-01 08:04:46 +0000},
	Date-Modified = {2014-11-02 12:47:19 +0000},
	Organization = {IEEE},
	Pages = {556--563},
	Title = {{Use of Cutting Edge Educational Tools for an Initial Programming Course}},
	Year = {2014}}

@inproceedings{alhumoud2014using,
	Author = {AlHumoud, Sarah and Al-Khalifa, Hend S. and Al-Razgan, Muna and Alfaries, Auhood},
	Booktitle = {Global Engineering Education Conference (EDUCON), 2014 IEEE},
	Date-Added = {2014-11-01 07:50:37 +0000},
	Date-Modified = {2014-12-14 16:27:54 +0000},
	Organization = {IEEE},
	Pages = {173--177},
	Title = {{Using App Inventor and LEGO mindstorm NXT in a Summer Camp to attract High School Girls to Computing Fields}},
	Year = {2014}}

@inproceedings{vogel2014quality,
	Author = {Vogel-Heuser, Birgit and Rehberger, Sebastian and Frank, Timo and Aicher, Thomas},
	Booktitle = {Global Engineering Education Conference (EDUCON), 2014 IEEE},
	Date-Added = {2014-11-01 07:11:52 +0000},
	Date-Modified = {2014-11-02 12:32:22 +0000},
	Organization = {IEEE},
	Pages = {367--372},
	Title = {{Quality Despite Quantity - Teaching Large Heterogenous Classes in C Programming and Fundamentals in Computer Science}},
	Year = {2014}}

@article{petre2004using,
	Author = {Petre, Marian and Price, Blaine},
	Date-Added = {2014-10-31 14:25:19 +0000},
	Date-Modified = {2014-12-15 09:57:58 +0000},
	Journal = {Education and Information Technologies},
	Number = {2},
	Pages = {147--158},
	Publisher = {Springer},
	Title = {{Using Robotics to Motivate `Back Door' Learning}},
	Volume = {9},
	Year = {2004}}

@article{blank2006robots,
	Author = {Blank, Douglas},
	Date-Added = {2014-10-31 14:20:08 +0000},
	Date-Modified = {2014-11-02 12:36:07 +0000},
	Journal = {Communications of the ACM},
	Number = {12},
	Pages = {25--27},
	Publisher = {ACM},
	Title = {{Robots Make Computer Science Personal}},
	Volume = {49},
	Year = {2006}}

@article{wilson2001contributing,
	Author = {Wilson, Brenda Cantwell and Shrock, Sharon},
	Date-Added = {2014-10-31 13:31:01 +0000},
	Date-Modified = {2014-12-15 12:56:07 +0000},
	Journal = {ACM SIGCSE Bulletin},
	Number = {1},
	Pages = {184--188},
	Publisher = {ACM},
	Title = {{Contributing to Success in an Introductory Computer Science Course: A Study of Twelve Factors}},
	Volume = {33},
	Year = {2001}}

@inproceedings{lykke2014motivating,
	Author = {Lykke, Marianne and Coto, Mayela and Mora, Sonia and Vandel, Niels and Jantzen, Christian},
	Booktitle = {Global Engineering Education Conference (EDUCON), 2014 IEEE},
	Date-Added = {2014-10-31 13:19:46 +0000},
	Date-Modified = {2014-11-02 12:27:59 +0000},
	Organization = {IEEE},
	Pages = {544--555},
	Title = {{Motivating Programming Students by Problem Based Learning and LEGO Robots}},
	Year = {2014}}

@article{fox2012crossing,
	Author = {Fox, Armando and Patterson, David},
	Date-Added = {2014-10-31 12:45:32 +0000},
	Date-Modified = {2014-11-02 12:07:58 +0000},
	Journal = {Communications of the ACM},
	Number = {5},
	Pages = {44--49},
	Publisher = {ACM},
	Title = {{Crossing the Software Education Chasm}},
	Volume = {55},
	Year = {2012}}

@article{jordan2014initial,
	Author = {Jordan, Katy},
	Date-Added = {2014-10-31 11:43:21 +0000},
	Date-Modified = {2014-11-02 12:18:51 +0000},
	Journal = {The International Review of Research in Open and Distance Learning},
	Number = {1},
	Title = {{Initial Trends in Enrolment and Completion of Massive Open Online Courses}},
	Volume = {15},
	Year = {2014}}

@inproceedings{wu2011ceclipse,
	Author = {Wu, Ling and Liang, Guangtai and Kui, Shi and Wang, Qianxiang},
	Booktitle = {IEEE World Congress on Services (SERVICES) 2011},
	Date-Added = {2014-10-31 11:34:54 +0000},
	Date-Modified = {2014-12-15 11:28:59 +0000},
	Organization = {IEEE},
	Pages = {45--52},
	Title = {{CEclipse: An Online IDE for Programing in the Cloud}},
	Year = {2011}}

@article{aho2011designing,
	Author = {Aho, Timo and Ashraf, Adnan and Englund, Marc and Katajam{\"a}ki, Joni and Koskinen, Johannes and Lautam{\"a}ki, Janne and Nieminen, Antti and Porres, Ivan and Turunen, Ilkka},
	Date-Added = {2014-10-31 10:58:15 +0000},
	Date-Modified = {2014-11-02 12:08:32 +0000},
	Journal = {Communications of Cloud Software},
	Number = {1},
	Title = {{Designing IDE as a Service}},
	Volume = {1},
	Year = {2011}}

@inproceedings{goldman2011real,
	Author = {Goldman, Max and Little, Greg and Miller, Robert C.},
	Booktitle = {Proceedings of the 24th Annual ACM Symposium on User Interface Software and Technology},
	Date-Added = {2014-10-31 08:19:20 +0000},
	Date-Modified = {2014-12-15 08:48:59 +0000},
	Organization = {ACM},
	Pages = {155--164},
	Title = {{Real-Time Collaborative Coding in a Web IDE}},
	Year = {2011}}

@article{geer2006will,
	Author = {Geer, David},
	Date-Added = {2014-10-31 07:56:21 +0000},
	Date-Modified = {2014-11-02 12:51:00 +0000},
	Journal = {Computer},
	Number = {2},
	Pages = {18--20},
	Publisher = {IEEE},
	Title = {{Will Software Developers Ride Ruby on Rails to Success?}},
	Volume = {39},
	Year = {2006}}

@article{forivsek2006security,
	Author = {Fori{\v{s}}ek, Michal},
	Date-Added = {2014-10-28 08:10:56 +0000},
	Date-Modified = {2014-11-21 19:08:36 +0000},
	Journal = {Informatics in Secondary Schools, Evolution and Perspectives},
	Title = {{Security of Programming Contest Systems}},
	Year = {2006}}

@inproceedings{ihantola2010review,
	Author = {Ihantola, Petri and Ahoniemi, Tuukka and Karavirta, Ville and Sepp{\"a}l{\"a}, Otto},
	Booktitle = {Proceedings of the 10th Koli Calling International Conference on Computing Education Research},
	Date-Added = {2014-10-28 07:53:15 +0000},
	Date-Modified = {2014-11-02 12:35:37 +0000},
	Organization = {ACM},
	Pages = {86--93},
	Title = {{Review of Recent Systems for Automatic Assessment of Programming Assignments}},
	Year = {2010}}

@inproceedings{reily2009two,
	Author = {Reily, Ken and Finnerty, Pam Ludford and Terveen, Loren},
	Booktitle = {Proceedings of the ACM 2009 International Conference on Supporting Group Work},
	Date-Added = {2014-10-28 07:31:24 +0000},
	Date-Modified = {2014-12-15 10:45:38 +0000},
	Organization = {ACM},
	Pages = {115--124},
	Title = {{Two Peers are Better Than One: Aggregating Peer Reviews for Computing Assignments is Surprisingly Accurate}},
	Year = {2009}}

@inproceedings{safran2008collaborative,
	Author = {Safran, Christian},
	Booktitle = {Proceeding of ICL2008, Villach, Austria},
	Date-Added = {2014-10-28 07:24:44 +0000},
	Date-Modified = {2014-12-15 08:59:16 +0000},
	Title = {{Collaborative Feedback: Code Peer Review in Higher Education}},
	Year = {2008}}

@inproceedings{hamalainen2009use,
	Author = {Hamalainen, Harri and Tarkkonen, Jukka and Heikkinen, Kari and Ikonen, Jouni and Porras, Jari},
	Booktitle = {Advanced Learning Technologies, 2009. ICALT 2009. Ninth IEEE International Conference on},
	Date-Added = {2014-10-28 07:07:25 +0000},
	Date-Modified = {2014-11-02 12:48:19 +0000},
	Organization = {IEEE},
	Pages = {658--660},
	Title = {{Use of Peer-Review System for Enhancing Learning of Programming}},
	Year = {2009}}

@inproceedings{benford1995ceilidh,
	Address = {New York, NY, USA},
	Author = {Benford, Steve and Burke, Edmund K. and Foxley, Eric and Higgins, Christopher A.},
	Booktitle = {Proceedings of the 33rd Annual on Southeast Regional Conference},
	Date-Added = {2014-10-27 14:15:15 +0000},
	Date-Modified = {2014-12-15 08:19:04 +0000},
	Pages = {176--182},
	Publisher = {ACM},
	Series = {ACM-SE 33},
	Title = {{The Ceilidh System for the Automatic Grading of Students on Programming Courses}},
	Year = {1995}}

@misc{european2014support,
	Author = {European Commission},
	Date-Added = {2014-10-27 09:36:56 +0000},
	Date-Modified = {2014-12-15 10:43:28 +0000},
	Title = {{Support Services to Foster Web Talent in Europe by Encouraging the Use of MOOCs Focused on Web Talent}},
	Year = {2014}}

@article{severance2010ims,
	Author = {Severance, Charles and Hanss, Ted and Hardin, Joseph},
	Date-Added = {2014-10-27 08:10:00 +0000},
	Date-Modified = {2014-11-02 12:17:54 +0000},
	Journal = {Technology, Instruction, Cognition and Learning},
	Number = {3-4},
	Pages = {245--262},
	Title = {{IMS Learning Tools Interoperability: Enabling a Mash-up Approach to Teaching and Learning Tools}},
	Volume = {7},
	Year = {2010}}

@book{plattner2013course,
	Author = {Plattner, Hasso},
	Date-Added = {2014-10-26 11:36:05 +0000},
	Date-Modified = {2014-11-02 11:57:22 +0000},
	Publisher = {Springer},
	Title = {{A Course in In-Memory Data Management}},
	Year = {2013}}

@techreport{felter28updated,
	Address = {Austin, TX, USA},
	Author = {Felter, Wes and Ferreira, Alexandre and Rajamony, Ram and Rubio, Juan},
	Date-Added = {2014-10-26 08:34:53 +0000},
	Date-Modified = {2014-12-15 08:33:25 +0000},
	Institution = {IBM},
	Title = {{An Updated Performance Comparison of Virtual Machines and Linux Containers}},
	Year = {2014}}

@article{chauhan2014massive,
	Author = {Chauhan, Amit},
	Date-Added = {2014-10-26 07:30:31 +0000},
	Date-Modified = {2014-12-15 13:17:14 +0000},
	Journal = {Digital Education Review},
	Pages = {7--17},
	Title = {{Massive Open Online Courses (MOOCS): Emerging Trends in Assessment and Accreditation}},
	Volume = {25},
	Year = {2014}}

@inproceedings{willems2014reflections,
	Author = {Willems, Christian and Renz, Jan and Staubitz, Thomas and Meinel, Christoph},
	Booktitle = {Proceedings of the European MOOC Stakeholder Summit 2014},
	Date-Added = {2014-10-26 07:10:01 +0000},
	Date-Modified = {2014-12-15 08:59:29 +0000},
	Pages = {101--106},
	Title = {{Reflections on Enrollment Numbers and Success Rates at the openHPI MOOC Platform}},
	Year = {2014}}

@inproceedings{renz2014handling,
	Author = {Renz, Jan and Staubitz, Thomas and Willems, Christian and Klement, Hauke and Meinel, Christoph},
	Booktitle = {Global Engineering Education Conference (EDUCON), 2014 IEEE},
	Date-Added = {2014-10-26 07:06:42 +0000},
	Date-Modified = {2014-11-02 12:13:14 +0000},
	Organization = {IEEE},
	Pages = {408--415},
	Title = {{Handling Re-grading of Automatically Graded Assignments in MOOCs}},
	Year = {2014}}

@incollection{grunewald2013designing,
	Author = {Gr{\"u}newald, Franka and Meinel, Christoph and Totschnig, Michael and Willems, Christian},
	Booktitle = {Scaling up Learning for Sustained Impact},
	Date-Added = {2014-10-26 06:38:55 +0000},
	Date-Modified = {2014-11-02 12:08:42 +0000},
	Pages = {371--382},
	Publisher = {Springer},
	Title = {{Designing MOOCs for the Support of Multiple Learning Styles}},
	Year = {2013}}

@article{neuhaus2014platform,
	Author = {Neuhaus, Christian and Feinbube, Frank and Polze, Andreas},
	Date-Added = {2014-10-26 06:21:10 +0000},
	Date-Modified = {2014-11-02 11:57:30 +0000},
	Journal = {Journal of Integrated Design and Process Science},
	Number = {1},
	Pages = {69--87},
	Publisher = {IOS Press},
	Title = {{A Platform for Interactive Software Experiments in Massive Open Online Courses}},
	Volume = {18},
	Year = {2014}}

@article{higgins2003coursemarker,
	Author = {Higgins, Colin and Hegazy, Tarek and Symeonidis, Pavlos and Tsintsifas, Athanasios},
	Date-Added = {2014-10-25 12:23:50 +0000},
	Date-Modified = {2014-11-02 12:43:50 +0000},
	Journal = {Education and Information Technologies},
	Number = {3},
	Pages = {287--304},
	Publisher = {Springer},
	Title = {{The CourseMarker CBA System: Improvements over Ceilidh}},
	Volume = {8},
	Year = {2003}}

@article{joy2005boss,
	Author = {Joy, Mike and Griffiths, Nathan and Boyatt, Russell},
	Date-Added = {2014-10-25 12:18:37 +0000},
	Date-Modified = {2014-11-02 12:42:05 +0000},
	Journal = {Journal on Educational Resources in Computing (JERIC)},
	Number = {3},
	Pages = {2},
	Publisher = {ACM},
	Title = {{The BOSS Online Submission and Assessment System}},
	Volume = {5},
	Year = {2005}}

@article{hollingsworth1960automatic,
	Author = {Hollingsworth, Jack},
	Date-Added = {2014-10-25 11:56:05 +0000},
	Date-Modified = {2014-11-02 12:03:38 +0000},
	Journal = {Communications of the ACM},
	Number = {10},
	Pages = {528--529},
	Publisher = {ACM},
	Title = {{Automatic Graders for Programming Classes}},
	Volume = {3},
	Year = {1960}}

@article{douce2005automatic,
	Author = {Douce, Christopher and Livingstone, David and Orwell, James},
	Date-Added = {2014-10-25 08:17:11 +0000},
	Date-Modified = {2014-11-02 12:04:28 +0000},
	Journal = {Journal on Educational Resources in Computing (JERIC)},
	Number = {3},
	Pages = {4},
	Publisher = {ACM},
	Title = {{Automatic Test-Based Assessment of Programming: A Review}},
	Volume = {5},
	Year = {2005}}

@article{malmi2002experiences,
	Author = {Malmi, Lauri and Korhonen, Ari and Saikkonen, Riku},
	Date-Added = {2014-10-24 16:43:08 +0000},
	Date-Modified = {2014-11-02 12:11:20 +0000},
	Journal = {ACM SIGCSE Bulletin},
	Number = {3},
	Pages = {55--59},
	Publisher = {ACM},
	Title = {{Experiences in Automatic Assessment on Mass Courses and Issues for Designing Virtual Courses}},
	Volume = {34},
	Year = {2002}}

@inproceedings{cerioli2008grasp,
	Author = {Cerioli, Maura and Cinelli, Pierpaolo},
	Booktitle = {Proceedings of the ACM-IFIP IEEIII 2008 Informatics Education Europe III Conference. Venice, Italy},
	Date-Added = {2014-10-24 16:16:37 +0000},
	Date-Modified = {2014-11-02 12:12:31 +0000},
	Organization = {Citeseer},
	Title = {{GRASP: Grading and Rating ASsistant Professor}},
	Year = {2008}}

@article{feldman1996quest,
	Author = {Feldman, Todd J. and Zelenski, Julie D.},
	Date-Added = {2014-10-24 16:02:57 +0000},
	Date-Modified = {2014-12-15 12:58:41 +0000},
	Journal = {ACM SIGCSE Bulletin},
	Number = {1},
	Pages = {319--323},
	Publisher = {ACM},
	Title = {{The Quest for Excellence in Designing CS1/CS2 Assignments}},
	Volume = {28},
	Year = {1996}}

@article{vujovsevic2013software,
	Author = {Vujo{\v{s}}evi{\'c}-Jani{\v{c}}i{\'c}, Milena and Nikoli{\'c}, Mladen and To{\v{s}}i{\'c}, Du{\v{s}}an and Kuncak, Viktor},
	Date-Added = {2014-10-24 15:37:48 +0000},
	Date-Modified = {2014-11-02 12:38:58 +0000},
	Journal = {Information and Software Technology},
	Number = {6},
	Pages = {1004--1016},
	Publisher = {Elsevier},
	Title = {{Software Verification and Graph Similarity for Automated Evaluation of Students' Assignments}},
	Volume = {55},
	Year = {2013}}

@inproceedings{pieterse2013automated,
	Author = {Pieterse, Vreda},
	Booktitle = {Proceedings of the 3rd Computer Science Education Research Conference on Computer Science Education Research},
	Date-Added = {2014-10-24 15:18:19 +0000},
	Date-Modified = {2014-12-15 10:31:45 +0000},
	Pages = {45--56},
	Title = {{Automated Assessment of Programming Assignments}},
	Year = {2013}}

@article{robins2003learning,
	Author = {Robins, Anthony and Rountree, Janet and Rountree, Nathan},
	Date-Added = {2014-10-24 13:02:05 +0000},
	Date-Modified = {2014-11-02 12:20:42 +0000},
	Journal = {Computer Science Education},
	Number = {2},
	Pages = {137--172},
	Publisher = {Taylor \& Francis},
	Title = {{Learning and Teaching Programming: A Review and Discussion}},
	Volume = {13},
	Year = {2003}}

@misc{staubitz2009mini,
	Author = {Staubitz, Thomas},
	Date-Added = {2014-10-24 09:52:25 +0000},
	Date-Modified = {2014-12-14 15:44:28 +0000},
	Title = {{Mini Exercises for Java, Based on JavaBat}},
	Year = {2009}}

@article{ben2013moocs,
	Author = {Ben-Ari, Mordechai Moti},
	Date-Added = {2014-10-24 09:41:28 +0000},
	Date-Modified = {2014-12-15 08:36:50 +0000},
	Journal = {ACM Inroads},
	Number = {2},
	Pages = {58--61},
	Publisher = {ACM},
	Title = {{MOOCs on Introductory Programming: A Travelogue}},
	Volume = {4},
	Year = {2013}}

@inproceedings{piech2013tuned,
	Author = {Piech, Chris and Huang, Jonathan and Chen, Zhenghao and Do, Chuong and Ng, Andrew and Koller, Daphne},
	Booktitle = {Proceedings of the 6th International Conference on Educational Data Mining (EDM 2013)},
	Date-Added = {2014-10-24 07:42:02 +0000},
	Date-Modified = {2014-12-15 10:29:10 +0000},
	Title = {{Tuned Models of Peer Assessment in MOOCs}},
	Year = {2013}}

@misc{shah2014some,
	Author = {Shah, Nihar B. and Bradley, Joseph and Balakrishnan, Sivaraman and Parekh, Abhay and Ramchandran, Kannan and Wainwright, Martin J.},
	Date-Added = {2014-10-24 06:53:28 +0000},
	Date-Modified = {2014-12-15 10:35:35 +0000},
	Title = {{Some Scaling Laws for MOOC Assessments}},
	Year = {2014}}

@article{ala2005survey,
	Author = {Ala-Mutka, Kirsti},
	Date-Added = {2014-10-22 18:02:28 +0000},
	Date-Modified = {2014-12-14 16:23:38 +0000},
	Journal = {Computer Science Education},
	Number = {2},
	Pages = {83--102},
	Publisher = {Taylor \& Francis},
	Title = {{A Survey of Automated Assessment Approaches for Programming Assignments}},
	Volume = {15},
	Year = {2005}}

@article{lahtinen2005study,
	Author = {Lahtinen, Essi and Ala-Mutka, Kirsti and J{\"a}rvinen, Hannu-Matti},
	Date-Added = {2014-10-22 17:57:29 +0000},
	Date-Modified = {2014-12-15 12:55:14 +0000},
	Journal = {ACM SIGCSE Bulletin},
	Number = {3},
	Pages = {14--18},
	Publisher = {ACM},
	Title = {{A Study of the Difficulties of Novice Programmers}},
	Volume = {37},
	Year = {2005}}

@article{naumann2014ein,
	Author = {Naumann, Felix and Jenders, Maximilian and Papenbrock, Thorsten},
	Date-Added = {2014-10-17 09:42:21 +0000},
	Date-Modified = {2014-12-15 08:22:57 +0000},
	Journal = {Informatik-Spektrum},
	Language = {German},
	Number = {4},
	Pages = {333--340},
	Publisher = {Springer Berlin Heidelberg},
	Title = {{Ein Datenbankkurs mit 6000 Teilnehmern}},
	Volume = {37},
	Year = {2014}}

@inproceedings{liyanagunawardena2014teaching,
	Author = {Liyanagunawardena, Tharindu and Lundqvist, Karsten and Micallef, Luke and Williams, Shirley},
	Booktitle = {Proceedings of OER14: building communities of open practice},
	Date-Added = {2014-10-15 08:42:21 +0000},
	Date-Modified = {2014-12-15 09:15:54 +0000},
	Title = {{Teaching Programming to Beginners in a Massive Open Online Course}},
	Year = {2014}}

@book{grigorik2013high,
	Author = {Grigorik, Ilya},
	Date-Added = {2014-10-07 12:00:39 +0000},
	Date-Modified = {2014-11-02 12:15:14 +0000},
	Publisher = {O'Reilly Media, Inc.},
	Title = {{High Performance Browser Networking: What Every Web Developer Should Know About Networking and Browser Performance}},
	Year = {2013}}

@article{merkel2014lightweight,
	Author = {Merkel, Dirk},
	Date-Added = {2014-10-07 10:01:26 +0000},
	Date-Modified = {2014-12-15 09:48:49 +0000},
	Journal = {Linux Journal},
	Number = {239},
	Publisher = {Belltown Media},
	Title = {{Docker: Lightweight Linux Containers for Consistent Development and Deployment}},
	Volume = {2014},
	Year = {2014}}

@inproceedings{staubitz2014supporting,
	Author = {Staubitz, Thomas and Renz, Jan and Willems, Christian and Meinel, Christoph},
	Booktitle = {EDULEARN14 Proceedings},
	Date-Added = {2014-07-10 06:42:01 +0000},
	Date-Modified = {2014-12-15 10:38:24 +0000},
	Pages = {6667-6677},
	Title = {{Supporting Social Interaction and Collaboration on an xMOOC Platform}},
	Year = {2014}}

@inproceedings{staubitz2014lightweight,
	Author = {Staubitz, Thomas and Renz, Jan and Willems, Christian and Jasper, Johannes and Meinel, Christoph},
	Booktitle = {Global Engineering Education Conference (EDUCON), 2014 IEEE},
	Date-Added = {2014-06-06 12:07:23 +0000},
	Date-Modified = {2014-12-15 08:14:55 +0000},
	Organization = {IEEE},
	Pages = {475--483},
	Title = {{Lightweight Ad Hoc Assessment of Practical Programming Skills at Scale}},
	Year = {2014}}

@mastersthesis{mueller2014security,
	Author = {M{\"u}ller, Christoph},
	Date-Added = {2014-06-06 11:34:25 +0000},
	Date-Modified = {2014-06-06 11:35:54 +0000},
	School = {Hasso Plattner Institute},
	Title = {{Security and Scalability of Programming Evaluation Systems in MOOCs}},
	Year = {2014}}

@article{zachary2003exploiting,
	Author = {Zachary, Joseph L. and Jensen, Peter A.},
	Date-Added = {2014-06-02 15:08:16 +0000},
	Date-Modified = {2014-12-15 12:56:16 +0000},
	Journal = {ACM SIGCSE Bulletin},
	Number = {1},
	Pages = {396--400},
	Publisher = {ACM},
	Title = {{Exploiting Value-Added Content in an Online Course: Introducing Programming Concepts via HTML and JavaScript}},
	Volume = {35},
	Year = {2003}}

@article{ala2004supporting,
	Author = {Ala-Mutka, Kirsti and Uimonen, Toni and J{\"a}rvinen, Hannu-Matti and Knight, Linda},
	Date-Added = {2014-06-01 11:46:00 +0000},
	Date-Modified = {2014-11-02 12:41:51 +0000},
	Journal = {Journal of Information Technology Education},
	Title = {{Supporting Students in C++ Programming Courses with Automatic Program Style Assessment}},
	Volume = {3},
	Year = {2004}}

@inproceedings{rogers2014acce,
	Author = {Rogers, Stephanie and Tang, Steven and Canny, John},
	Booktitle = {Proceedings of the First ACM Conference on Learning @ Scale},
	Date-Added = {2014-05-30 09:39:20 +0000},
	Date-Modified = {2014-12-15 10:42:26 +0000},
	Organization = {ACM},
	Pages = {191--192},
	Title = {{ACCE: Automatic Coding Composition Evaluator}},
	Year = {2014}}

@misc{edwards2003improving,
	Author = {Edwards, Stephen H.},
	Booktitle = {Journal on Educational Resources in Computing},
	Date-Added = {2014-05-30 08:33:01 +0000},
	Date-Modified = {2014-12-15 08:20:27 +0000},
	Pages = {1--24},
	Title = {{Improving Student Performance by Evaluating How Well Students Test Their Own Programs}},
	Volume = {3},
	Year = {2003}}

@inproceedings{tillmann2014codehunt,
	Author = {Tillmann, Nikolai and de Halleux, Jonathan and Xie, Tao and Bishop, Judith},
	Booktitle = {Proceedings of the First ACM Conference on Learning @ Scale},
	Date-Added = {2014-05-28 14:05:02 +0000},
	Date-Modified = {2014-12-15 10:40:59 +0000},
	Organization = {ACM},
	Pages = {221--222},
	Title = {{Code Hunt: Gamifying Teaching and Learning of Computer Science at Scale}},
	Year = {2014}}

@inproceedings{xiao2014multiplayer,
	Author = {Xiao, David and Miller, Robert C.},
	Booktitle = {Proceedings of the First ACM Conference on Learning @ Scale},
	Date-Added = {2014-05-28 13:38:08 +0000},
	Date-Modified = {2014-12-15 08:58:23 +0000},
	Organization = {ACM},
	Pages = {159--160},
	Title = {{A Multiplayer Online Game for Teaching Software Engineering Practices}},
	Year = {2014}}

@book{meinel80openhpi,
	Author = {Meinel, Christoph and Willems, Christian},
	Date-Added = {2014-05-22 14:14:03 +0000},
	Date-Modified = {2014-12-15 09:06:35 +0000},
	Number = {80},
	Publisher = {Universit{\"a}tsverlag Potsdam},
	Series = {Technische Berichte des Hasso-Plattner-Instituts f{\"u}r Softwaresystemtechnik an der Universit{\"a}t Potsdam},
	Title = {{openHPI: The MOOC Offer at Hasso Plattner Institute}},
	Year = {2013}}

@inproceedings{willems2013introducing,
	Author = {Willems, Christian and Jasper, Johannes and Meinel, Christoph},
	Booktitle = {IEEE International Conference on Teaching, Assessment and Learning for Engineering (TALE2013)},
	Date-Added = {2014-05-22 13:19:49 +0000},
	Date-Modified = {2014-12-15 11:19:08 +0000},
	Organization = {IEEE},
	Pages = {307--313},
	Title = {{Introducing Hands-On Experience to a Massive Open Online Course on openHPI}},
	Year = {2013}}
